migvasc@migvasc-Precision-3561.241398:1692533374